<?xml version="1.0" encoding="UTF-8"?><collection xmlns="http://www.loc.gov/MARC21/slim"><record><leader>00574nam--2200193-u-4500</leader><controlfield tag="001">000056838</controlfield><controlfield tag="002">20191113</controlfield><controlfield tag="005">20191113044312</controlfield><controlfield tag="008">191113s1000------------r-----000-0-eng-d</controlfield><datafield ind1=" " ind2=" " tag="040"><subfield code="a">IFIN-HH</subfield></datafield><datafield ind1=" " ind2=" " tag="041"><subfield code="a">eng</subfield></datafield><datafield ind1="1" ind2=" " tag="100"><subfield code="a">ALBU,M</subfield></datafield><datafield ind1="1" ind2="0" tag="245"><subfield code="a">PLASMA SURFACE ENGINEERING</subfield><subfield code="c">M.ALBU, U.HELMERSSON, H. HOLLECK, C. OEHR, K.REICHEL, V. RIGATO, H.STORI, R.SUCHENTRUNK(EDS.)</subfield></datafield><datafield ind1=" " ind2=" " tag="260"><subfield code="a">GERMANY</subfield><subfield code="b">GARMISCH-PARTENKIRCHEN</subfield><subfield code="c">2004</subfield></datafield><datafield ind1=" " ind2=" " tag="300"><subfield code="a">XXI1217 P</subfield></datafield><datafield ind1=" " ind2=" " tag="500"><subfield code="a">DONATIE GHEORGHE DINESCU</subfield></datafield><datafield ind1="1" ind2=" " tag="700"><subfield code="a">SUCHENTRUNCK, R</subfield></datafield><datafield ind1=" " ind2=" " tag="852"><subfield code="a">82737</subfield><subfield code="c">061.3</subfield></datafield><datafield ind1=" " ind2=" " tag="CAT"><subfield code="a">SYS</subfield><subfield code="c">20191113</subfield><subfield code="h">044312</subfield></datafield></record></collection>